@article{dbr2014,
title = "Dependent binary relevance models for multi-label classification ",
journal = "Pattern Recognition ",
volume = "47",
number = "3",
pages = "1494 - 1508",
year = "2014",
note = "Handwriting Recognition and other \{PR\} Applications",
issn = "0031-3203",
doi = "http://dx.doi.org/10.1016/j.patcog.2013.09.029",
url = "http://www.sciencedirect.com/science/article/pii/S0031320313004019",
author = "Elena Montanes and Robin Senge and Jose Barranquero and José Ramón Quevedo and Juan José del Coz and Eyke Hüllermeier"
}

